<record><leader>00000cas a2200000 a 4500</leader><controlfield tag="001">10837483</controlfield><controlfield tag="008">840613d18901896ksuwr ne      0   a0eng d</controlfield><datafield ind1=" " ind2=" " tag="010"><subfield code="a">sn 84029186 </subfield></datafield><datafield ind1=" " ind2=" " tag="040"><subfield code="a">KSH</subfield><subfield code="b">eng</subfield><subfield code="c">KSH</subfield><subfield code="d">NPT</subfield><subfield code="d">OCL</subfield><subfield code="d">OCLCQ</subfield></datafield><datafield ind1=" " ind2=" " tag="042"><subfield code="a">msc</subfield></datafield><datafield ind1="0" ind2="0" tag="245"><subfield code="a">Arcadia news.</subfield></datafield><datafield ind1=" " ind2=" " tag="260"><subfield code="a">Arcadia, Kan. :</subfield><subfield code="b">L.R. Jewell,</subfield><subfield code="c">1890-1896.</subfield></datafield><datafield ind1=" " ind2=" " tag="300"><subfield code="a">15 v. ;</subfield><subfield code="c">51-60 cm.</subfield></datafield><datafield ind1=" " ind2=" " tag="310"><subfield code="a">Weekly</subfield></datafield><datafield ind1="0" ind2=" " tag="362"><subfield code="a">Vol. 1, no. 1 (Aug. 14, 1890)-v. 15, no. 34 (Aug. 20, 1896).</subfield></datafield><datafield ind1=" " ind2=" " tag="500"><subfield code="a">Publisher varies.</subfield></datafield><datafield ind1=" " ind2=" " tag="752"><subfield code="a">United States</subfield><subfield code="b">Kansas</subfield><subfield code="c">Crawford</subfield><subfield code="d">Arcadia.</subfield></datafield><datafield ind1="0" ind2="0" tag="780"><subfield code="t">Arcadia democrat</subfield><subfield code="w">(DLC)sn 84029191</subfield></datafield><datafield ind1="0" ind2="0" tag="785"><subfield code="t">Crawford County times (1896-1900)</subfield><subfield code="w">(DLC)sn 84029189</subfield></datafield></record>